%YAML 1.1
%TAG !u! tag:unity3d.com,2011:
--- !u!1 &117696224445014534
GameObject:
  m_ObjectHideFlags: 0
  m_CorrespondingSourceObject: {fileID: 0}
  m_PrefabInstance: {fileID: 0}
  m_PrefabAsset: {fileID: 0}
  serializedVersion: 6
  m_Component:
  - component: {fileID: 4012516893567448169}
  m_Layer: 0
  m_Name: mixamorig:Hips
  m_TagString: Untagged
  m_Icon: {fileID: 0}
  m_NavMeshLayer: 0
  m_StaticEditorFlags: 0
  m_IsActive: 1
--- !u!4 &4012516893567448169
Transform:
  m_ObjectHideFlags: 0
  m_CorrespondingSourceObject: {fileID: 0}
  m_PrefabInstance: {fileID: 0}
  m_PrefabAsset: {fileID: 0}
  m_GameObject: {fileID: 117696224445014534}
  m_LocalRotation: {x: -0.027120112, y: 0.006913033, z: 0.01187693, w: 0.9995377}
  m_LocalPosition: {x: 0.00035568746, y: 0.010952509, z: -0.0001859196}
  m_LocalScale: {x: 0.9999999, y: 1, z: 1}
  m_Children:
  - {fileID: 6550309356297582787}
  - {fileID: 3942950389947937554}
  - {fileID: 1649171764263648753}
  m_Father: {fileID: 9069243943349038283}
  m_RootOrder: 0
  m_LocalEulerAnglesHint: {x: 1.0097733, y: 0.41959488, z: 1.3885046}
--- !u!1 &387374723523145855
GameObject:
  m_ObjectHideFlags: 0
  m_CorrespondingSourceObject: {fileID: 0}
  m_PrefabInstance: {fileID: 0}
  m_PrefabAsset: {fileID: 0}
  serializedVersion: 6
  m_Component:
  - component: {fileID: 7660128253489260922}
  m_Layer: 0
  m_Name: mixamorig:Spine1
  m_TagString: Untagged
  m_Icon: {fileID: 0}
  m_NavMeshLayer: 0
  m_StaticEditorFlags: 0
  m_IsActive: 1
--- !u!4 &7660128253489260922
Transform:
  m_ObjectHideFlags: 0
  m_CorrespondingSourceObject: {fileID: 0}
  m_PrefabInstance: {fileID: 0}
  m_PrefabAsset: {fileID: 0}
  m_GameObject: {fileID: 387374723523145855}
  m_LocalRotation: {x: 0.004215423, y: -0.014152509, z: -0.009737835, w: 0.9998436}
  m_LocalPosition: {x: -4.773028e-11, y: 0.0010321933, z: -7.683411e-11}
  m_LocalScale: {x: 0.9999999, y: 1, z: 0.99999994}
  m_Children:
  - {fileID: 2767007816815827831}
  m_Father: {fileID: 1649171764263648753}
  m_RootOrder: 0
  m_LocalEulerAnglesHint: {x: 0.20873304, y: -1.1199087, z: 0.9227045}
--- !u!1 &715913748565639445
GameObject:
  m_ObjectHideFlags: 0
  m_CorrespondingSourceObject: {fileID: 0}
  m_PrefabInstance: {fileID: 0}
  m_PrefabAsset: {fileID: 0}
  serializedVersion: 6
  m_Component:
  - component: {fileID: 2415614665599643435}
  m_Layer: 0
  m_Name: mixamorig:RightForeArm
  m_TagString: Untagged
  m_Icon: {fileID: 0}
  m_NavMeshLayer: 0
  m_StaticEditorFlags: 0
  m_IsActive: 1
--- !u!4 &2415614665599643435
Transform:
  m_ObjectHideFlags: 0
  m_CorrespondingSourceObject: {fileID: 0}
  m_PrefabInstance: {fileID: 0}
  m_PrefabAsset: {fileID: 0}
  m_GameObject: {fileID: 715913748565639445}
  m_LocalRotation: {x: 0.04956964, y: -0.009173326, z: 0.1724581, w: 0.9837261}
  m_LocalPosition: {x: -7.4505804e-11, y: 0.0024189588, z: 5.2154064e-10}
  m_LocalScale: {x: 1.0000001, y: 0.99999994, z: 1.0000002}
  m_Children:
  - {fileID: 2855201370842322838}
  m_Father: {fileID: 4139236321228475817}
  m_RootOrder: 0
  m_LocalEulerAnglesHint: {x: -5.7939844, y: 12.6376505, z: 34.99866}
--- !u!1 &731668563767928559
GameObject:
  m_ObjectHideFlags: 0
  m_CorrespondingSourceObject: {fileID: 0}
  m_PrefabInstance: {fileID: 0}
  m_PrefabAsset: {fileID: 0}
  serializedVersion: 6
  m_Component:
  - component: {fileID: 102659211292671061}
  - component: {fileID: 539599890167618884}
  - component: {fileID: 1204921066941949506}
  - component: {fileID: 8150938893671516416}
  m_Layer: 0
  m_Name: MaleSpike
  m_TagString: Untagged
  m_Icon: {fileID: 0}
  m_NavMeshLayer: 0
  m_StaticEditorFlags: 0
  m_IsActive: 1
--- !u!4 &102659211292671061
Transform:
  m_ObjectHideFlags: 0
  m_CorrespondingSourceObject: {fileID: 0}
  m_PrefabInstance: {fileID: 0}
  m_PrefabAsset: {fileID: 0}
  m_GameObject: {fileID: 731668563767928559}
  m_LocalRotation: {x: 0, y: 0.78983396, z: 0, w: 0.6133207}
  m_LocalPosition: {x: 0.49, y: -0.686, z: 0.65}
  m_LocalScale: {x: 1, y: 1, z: 1}
  m_Children:
  - {fileID: 9069243943349038283}
  - {fileID: 8849268260624318811}
  - {fileID: 3805373716967211762}
  - {fileID: 7781074385079416236}
  - {fileID: 6561056626485375310}
  - {fileID: 5333971685191159360}
  - {fileID: 5187092216659636655}
  - {fileID: 6502634978529035426}
  m_Father: {fileID: 0}
  m_RootOrder: 0
  m_LocalEulerAnglesHint: {x: 0, y: 104.34, z: 0}
--- !u!136 &539599890167618884
CapsuleCollider:
  m_ObjectHideFlags: 0
  m_CorrespondingSourceObject: {fileID: 0}
  m_PrefabInstance: {fileID: 0}
  m_PrefabAsset: {fileID: 0}
  m_GameObject: {fileID: 731668563767928559}
  m_Material: {fileID: 0}
  m_IsTrigger: 0
  m_Enabled: 1
  m_Radius: 0.27
  m_Height: 1.91
  m_Direction: 1
  m_Center: {x: 0, y: 0.88, z: 0}
--- !u!114 &1204921066941949506
MonoBehaviour:
  m_ObjectHideFlags: 0
  m_CorrespondingSourceObject: {fileID: 0}
  m_PrefabInstance: {fileID: 0}
  m_PrefabAsset: {fileID: 0}
  m_GameObject: {fileID: 731668563767928559}
  m_Enabled: 1
  m_EditorHideFlags: 0
  m_Script: {fileID: 11500000, guid: aff51df0ed66c214e97479b64656e29c, type: 3}
  m_Name: 
  m_EditorClassIdentifier: 
  sHazard: {fileID: 0}
--- !u!95 &8150938893671516416
Animator:
  serializedVersion: 3
  m_ObjectHideFlags: 0
  m_CorrespondingSourceObject: {fileID: 0}
  m_PrefabInstance: {fileID: 0}
  m_PrefabAsset: {fileID: 0}
  m_GameObject: {fileID: 731668563767928559}
  m_Enabled: 1
  m_Avatar: {fileID: 0}
  m_Controller: {fileID: 9100000, guid: 416451ac86eff2b458d51e7793f10660, type: 2}
  m_CullingMode: 0
  m_UpdateMode: 0
  m_ApplyRootMotion: 0
  m_LinearVelocityBlending: 0
  m_WarningMessage: 
  m_HasTransformHierarchy: 1
  m_AllowConstantClipSamplingOptimization: 1
  m_KeepAnimatorControllerStateOnDisable: 0
--- !u!1 &853389759418627767
GameObject:
  m_ObjectHideFlags: 0
  m_CorrespondingSourceObject: {fileID: 0}
  m_PrefabInstance: {fileID: 0}
  m_PrefabAsset: {fileID: 0}
  serializedVersion: 6
  m_Component:
  - component: {fileID: 5499524353039466192}
  m_Layer: 0
  m_Name: mixamorig:RightToe_End_end
  m_TagString: Untagged
  m_Icon: {fileID: 0}
  m_NavMeshLayer: 0
  m_StaticEditorFlags: 0
  m_IsActive: 1
--- !u!4 &5499524353039466192
Transform:
  m_ObjectHideFlags: 0
  m_CorrespondingSourceObject: {fileID: 0}
  m_PrefabInstance: {fileID: 0}
  m_PrefabAsset: {fileID: 0}
  m_GameObject: {fileID: 853389759418627767}
  m_LocalRotation: {x: 0, y: -0, z: -0, w: 1}
  m_LocalPosition: {x: -0, y: 0.00013489509, z: 0}
  m_LocalScale: {x: 1, y: 1, z: 1}
  m_Children: []
  m_Father: {fileID: 764242591684610190}
  m_RootOrder: 0
  m_LocalEulerAnglesHint: {x: 0, y: 0, z: 0}
--- !u!1 &1162590429318640135
GameObject:
  m_ObjectHideFlags: 0
  m_CorrespondingSourceObject: {fileID: 0}
  m_PrefabInstance: {fileID: 0}
  m_PrefabAsset: {fileID: 0}
  serializedVersion: 6
  m_Component:
  - component: {fileID: 5333971685191159360}
  - component: {fileID: 3487033802597909758}
  m_Layer: 0
  m_Name: lp_male_Arms.001
  m_TagString: Untagged
  m_Icon: {fileID: 0}
  m_NavMeshLayer: 0
  m_StaticEditorFlags: 0
  m_IsActive: 1
--- !u!4 &5333971685191159360
Transform:
  m_ObjectHideFlags: 0
  m_CorrespondingSourceObject: {fileID: 0}
  m_PrefabInstance: {fileID: 0}
  m_PrefabAsset: {fileID: 0}
  m_GameObject: {fileID: 1162590429318640135}
  m_LocalRotation: {x: 0.7071068, y: -4.3216988e-10, z: 3.4985187e-10, w: 0.7071067}
  m_LocalPosition: {x: -0.000000022235326, y: 0.0071559176, z: 0.0000000055879386}
  m_LocalScale: {x: 1, y: 1, z: 1}
  m_Children: []
  m_Father: {fileID: 102659211292671061}
  m_RootOrder: 5
  m_LocalEulerAnglesHint: {x: 0, y: 0, z: 0}
--- !u!137 &3487033802597909758
SkinnedMeshRenderer:
  m_ObjectHideFlags: 0
  m_CorrespondingSourceObject: {fileID: 0}
  m_PrefabInstance: {fileID: 0}
  m_PrefabAsset: {fileID: 0}
  m_GameObject: {fileID: 1162590429318640135}
  m_Enabled: 1
  m_CastShadows: 1
  m_ReceiveShadows: 1
  m_DynamicOccludee: 1
  m_MotionVectors: 1
  m_LightProbeUsage: 1
  m_ReflectionProbeUsage: 1
  m_RayTracingMode: 3
  m_RayTraceProcedural: 0
  m_RenderingLayerMask: 1
  m_RendererPriority: 0
  m_Materials:
  - {fileID: 2100000, guid: 214466898d42fbf42b766736322df54a, type: 2}
  - {fileID: 2100000, guid: 46a564a0a1351b7449de4da9e24e099f, type: 2}
  m_StaticBatchInfo:
    firstSubMesh: 0
    subMeshCount: 0
  m_StaticBatchRoot: {fileID: 0}
  m_ProbeAnchor: {fileID: 0}
  m_LightProbeVolumeOverride: {fileID: 0}
  m_ScaleInLightmap: 1
  m_ReceiveGI: 1
  m_PreserveUVs: 0
  m_IgnoreNormalsForChartDetection: 0
  m_ImportantGI: 0
  m_StitchLightmapSeams: 1
  m_SelectedEditorRenderState: 3
  m_MinimumChartSize: 4
  m_AutoUVMaxDistance: 0.5
  m_AutoUVMaxAngle: 89
  m_LightmapParameters: {fileID: 0}
  m_SortingLayerID: 0
  m_SortingLayer: 0
  m_SortingOrder: 0
  serializedVersion: 2
  m_Quality: 0
  m_UpdateWhenOffscreen: 0
  m_SkinnedMotionVectors: 1
  m_Mesh: {fileID: -2833617613909752746, guid: 42064619d94d4f24e9a19492faabe66d, type: 3}
  m_Bones:
  - {fileID: 4012516893567448169}
  - {fileID: 1649171764263648753}
  - {fileID: 7660128253489260922}
  - {fileID: 2767007816815827831}
  - {fileID: 8664562266914651831}
  - {fileID: 7128884446520352373}
  - {fileID: 6136528060120854698}
  - {fileID: 3874335792181401702}
  - {fileID: 1617418629932023373}
  - {fileID: 167812091811942623}
  - {fileID: 6598136243053248007}
  - {fileID: 6111240922620197161}
  - {fileID: 4139236321228475817}
  - {fileID: 2415614665599643435}
  - {fileID: 2855201370842322838}
  - {fileID: 6550309356297582787}
  - {fileID: 3259659426941040535}
  - {fileID: 9197203463350461862}
  - {fileID: 5920756722909157506}
  - {fileID: 3057099898582708141}
  - {fileID: 3942950389947937554}
  - {fileID: 5790477431997443583}
  - {fileID: 4247342376443741400}
  - {fileID: 3961653834687842759}
  - {fileID: 764242591684610190}
  m_BlendShapeWeights: []
  m_RootBone: {fileID: 4012516893567448169}
  m_AABB:
    m_Center: {x: 0.00024094596, y: 0.0014052001, z: 0.00007019559}
    m_Extent: {x: 0.004483916, y: 0.0030385125, z: 0.0012791622}
  m_DirtyAABB: 0
--- !u!1 &1194624883714671298
GameObject:
  m_ObjectHideFlags: 0
  m_CorrespondingSourceObject: {fileID: 0}
  m_PrefabInstance: {fileID: 0}
  m_PrefabAsset: {fileID: 0}
  serializedVersion: 6
  m_Component:
  - component: {fileID: 5790477431997443583}
  m_Layer: 0
  m_Name: mixamorig:RightLeg
  m_TagString: Untagged
  m_Icon: {fileID: 0}
  m_NavMeshLayer: 0
  m_StaticEditorFlags: 0
  m_IsActive: 1
--- !u!4 &5790477431997443583
Transform:
  m_ObjectHideFlags: 0
  m_CorrespondingSourceObject: {fileID: 0}
  m_PrefabInstance: {fileID: 0}
  m_PrefabAsset: {fileID: 0}
  m_GameObject: {fileID: 1194624883714671298}
  m_LocalRotation: {x: -0.27057627, y: 0.0028970812, z: -0.005389499, w: 0.96267915}
  m_LocalPosition: {x: 2.3283063e-11, y: 0.0051767156, z: -2.7474015e-10}
  m_LocalScale: {x: 0.99999994, y: 0.99999994, z: 0.9999998}
  m_Children:
  - {fileID: 4247342376443741400}
  m_Father: {fileID: 3942950389947937554}
  m_RootOrder: 0
  m_LocalEulerAnglesHint: {x: -62.13839, y: -5.577726, z: 5.8988743}
--- !u!1 &1368248401254458874
GameObject:
  m_ObjectHideFlags: 0
  m_CorrespondingSourceObject: {fileID: 0}
  m_PrefabInstance: {fileID: 0}
  m_PrefabAsset: {fileID: 0}
  serializedVersion: 6
  m_Component:
  - component: {fileID: 6550309356297582787}
  m_Layer: 0
  m_Name: mixamorig:LeftUpLeg
  m_TagString: Untagged
  m_Icon: {fileID: 0}
  m_NavMeshLayer: 0
  m_StaticEditorFlags: 0
  m_IsActive: 1
--- !u!4 &6550309356297582787
Transform:
  m_ObjectHideFlags: 0
  m_CorrespondingSourceObject: {fileID: 0}
  m_PrefabInstance: {fileID: 0}
  m_PrefabAsset: {fileID: 0}
  m_GameObject: {fileID: 1368248401254458874}
  m_LocalRotation: {x: 0.017041305, y: 0.17529733, z: 0.9839347, w: 0.029206024}
  m_LocalPosition: {x: -0.00096438406, y: -0.0004906115, z: 0.00009253761}
  m_LocalScale: {x: 1.000008, y: 0.9999998, z: 0.9999999}
  m_Children:
  - {fileID: 3259659426941040535}
  m_Father: {fileID: 4012516893567448169}
  m_RootOrder: 0
  m_LocalEulerAnglesHint: {x: -16.349243, y: -8.475023, z: -178.33578}
--- !u!1 &1645825708034492831
GameObject:
  m_ObjectHideFlags: 0
  m_CorrespondingSourceObject: {fileID: 0}
  m_PrefabInstance: {fileID: 0}
  m_PrefabAsset: {fileID: 0}
  serializedVersion: 6
  m_Component:
  - component: {fileID: 764242591684610190}
  m_Layer: 0
  m_Name: mixamorig:RightToe_End
  m_TagString: Untagged
  m_Icon: {fileID: 0}
  m_NavMeshLayer: 0
  m_StaticEditorFlags: 0
  m_IsActive: 1
--- !u!4 &764242591684610190
Transform:
  m_ObjectHideFlags: 0
  m_CorrespondingSourceObject: {fileID: 0}
  m_PrefabInstance: {fileID: 0}
  m_PrefabAsset: {fileID: 0}
  m_GameObject: {fileID: 1645825708034492831}
  m_LocalRotation: {x: 0.00000020116565, y: -0.00000038743016, z: 0.00000049918896, w: 1}
  m_LocalPosition: {x: -1.0011717e-10, y: 0.00013489508, z: 1.8626451e-11}
  m_LocalScale: {x: 1, y: 1, z: 1.0000001}
  m_Children:
  - {fileID: 5499524353039466192}
  m_Father: {fileID: 3961653834687842759}
  m_RootOrder: 0
  m_LocalEulerAnglesHint: {x: 0.00002221967, y: -0.00004401781, z: 0.00005689021}
--- !u!1 &1903592633219397194
GameObject:
  m_ObjectHideFlags: 0
  m_CorrespondingSourceObject: {fileID: 0}
  m_PrefabInstance: {fileID: 0}
  m_PrefabAsset: {fileID: 0}
  serializedVersion: 6
  m_Component:
  - component: {fileID: 5187092216659636655}
  - component: {fileID: 1672735967650709518}
  m_Layer: 0
  m_Name: lp_male_Chest.001
  m_TagString: Untagged
  m_Icon: {fileID: 0}
  m_NavMeshLayer: 0
  m_StaticEditorFlags: 0
  m_IsActive: 1
--- !u!4 &5187092216659636655
Transform:
  m_ObjectHideFlags: 0
  m_CorrespondingSourceObject: {fileID: 0}
  m_PrefabInstance: {fileID: 0}
  m_PrefabAsset: {fileID: 0}
  m_GameObject: {fileID: 1903592633219397194}
  m_LocalRotation: {x: 0.7071068, y: -0.0000000014817254, z: -8.2318075e-10, w: 0.7071067}
  m_LocalPosition: {x: 0.0000000027939677, y: 0.0071557723, z: 0.000000009313222}
  m_LocalScale: {x: 1, y: 1, z: 1}
  m_Children: []
  m_Father: {fileID: 102659211292671061}
  m_RootOrder: 6
  m_LocalEulerAnglesHint: {x: 0, y: 0, z: 0}
--- !u!137 &1672735967650709518
SkinnedMeshRenderer:
  m_ObjectHideFlags: 0
  m_CorrespondingSourceObject: {fileID: 0}
  m_PrefabInstance: {fileID: 0}
  m_PrefabAsset: {fileID: 0}
  m_GameObject: {fileID: 1903592633219397194}
  m_Enabled: 1
  m_CastShadows: 1
  m_ReceiveShadows: 1
  m_DynamicOccludee: 1
  m_MotionVectors: 1
  m_LightProbeUsage: 1
  m_ReflectionProbeUsage: 1
  m_RayTracingMode: 3
  m_RayTraceProcedural: 0
  m_RenderingLayerMask: 1
  m_RendererPriority: 0
  m_Materials:
  - {fileID: 2100000, guid: 46a564a0a1351b7449de4da9e24e099f, type: 2}
  - {fileID: 2100000, guid: 214466898d42fbf42b766736322df54a, type: 2}
  m_StaticBatchInfo:
    firstSubMesh: 0
    subMeshCount: 0
  m_StaticBatchRoot: {fileID: 0}
  m_ProbeAnchor: {fileID: 0}
  m_LightProbeVolumeOverride: {fileID: 0}
  m_ScaleInLightmap: 1
  m_ReceiveGI: 1
  m_PreserveUVs: 0
  m_IgnoreNormalsForChartDetection: 0
  m_ImportantGI: 0
  m_StitchLightmapSeams: 1
  m_SelectedEditorRenderState: 3
  m_MinimumChartSize: 4
  m_AutoUVMaxDistance: 0.5
  m_AutoUVMaxAngle: 89
  m_LightmapParameters: {fileID: 0}
  m_SortingLayerID: 0
  m_SortingLayer: 0
  m_SortingOrder: 0
  serializedVersion: 2
  m_Quality: 0
  m_UpdateWhenOffscreen: 0
  m_SkinnedMotionVectors: 1
  m_Mesh: {fileID: 223886751515244193, guid: 42064619d94d4f24e9a19492faabe66d, type: 3}
  m_Bones:
  - {fileID: 4012516893567448169}
  - {fileID: 1649171764263648753}
  - {fileID: 7660128253489260922}
  - {fileID: 2767007816815827831}
  - {fileID: 8664562266914651831}
  - {fileID: 7128884446520352373}
  - {fileID: 6136528060120854698}
  - {fileID: 3874335792181401702}
  - {fileID: 1617418629932023373}
  - {fileID: 167812091811942623}
  - {fileID: 6598136243053248007}
  - {fileID: 6111240922620197161}
  - {fileID: 4139236321228475817}
  - {fileID: 2415614665599643435}
  - {fileID: 2855201370842322838}
  - {fileID: 6550309356297582787}
  - {fileID: 3259659426941040535}
  - {fileID: 9197203463350461862}
  - {fileID: 5920756722909157506}
  - {fileID: 3057099898582708141}
  - {fileID: 3942950389947937554}
  - {fileID: 5790477431997443583}
  - {fileID: 4247342376443741400}
  - {fileID: 3961653834687842759}
  - {fileID: 764242591684610190}
  m_BlendShapeWeights: []
  m_RootBone: {fileID: 4012516893567448169}
  m_AABB:
    m_Center: {x: 0.00010879256, y: 0.0032152506, z: 0.0001630265}
    m_Extent: {x: 0.0021471414, y: 0.0013855062, z: 0.0016684021}
  m_DirtyAABB: 0
--- !u!1 &2014882554362059624
GameObject:
  m_ObjectHideFlags: 0
  m_CorrespondingSourceObject: {fileID: 0}
  m_PrefabInstance: {fileID: 0}
  m_PrefabAsset: {fileID: 0}
  serializedVersion: 6
  m_Component:
  - component: {fileID: 2367111707727340680}
  m_Layer: 0
  m_Name: mixamorig:LeftHand_end
  m_TagString: Untagged
  m_Icon: {fileID: 0}
  m_NavMeshLayer: 0
  m_StaticEditorFlags: 0
  m_IsActive: 1
--- !u!4 &2367111707727340680
Transform:
  m_ObjectHideFlags: 0
  m_CorrespondingSourceObject: {fileID: 0}
  m_PrefabInstance: {fileID: 0}
  m_PrefabAsset: {fileID: 0}
  m_GameObject: {fileID: 2014882554362059624}
  m_LocalRotation: {x: 0, y: -0, z: -0, w: 1}
  m_LocalPosition: {x: -0, y: 0.0027157117, z: 0}
  m_LocalScale: {x: 1, y: 1, z: 1}
  m_Children: []
  m_Father: {fileID: 6598136243053248007}
  m_RootOrder: 0
  m_LocalEulerAnglesHint: {x: 0, y: 0, z: 0}
--- !u!1 &2322305435719504289
GameObject:
  m_ObjectHideFlags: 0
  m_CorrespondingSourceObject: {fileID: 0}
  m_PrefabInstance: {fileID: 0}
  m_PrefabAsset: {fileID: 0}
  serializedVersion: 6
  m_Component:
  - component: {fileID: 8849268260624318811}
  - component: {fileID: 6365660630403122005}
  m_Layer: 0
  m_Name: Cylinder.005
  m_TagString: Untagged
  m_Icon: {fileID: 0}
  m_NavMeshLayer: 0
  m_StaticEditorFlags: 0
  m_IsActive: 1
--- !u!4 &8849268260624318811
Transform:
  m_ObjectHideFlags: 0
  m_CorrespondingSourceObject: {fileID: 0}
  m_PrefabInstance: {fileID: 0}
  m_PrefabAsset: {fileID: 0}
  m_GameObject: {fileID: 2322305435719504289}
  m_LocalRotation: {x: 0.7071068, y: 0.0000000026444678, z: -0.0000000026238889, w: 0.7071067}
  m_LocalPosition: {x: 0.000000007450581, y: 0.007155858, z: 1.527961e-10}
  m_LocalScale: {x: 0.9999999, y: 1, z: 1}
  m_Children: []
  m_Father: {fileID: 102659211292671061}
  m_RootOrder: 1
  m_LocalEulerAnglesHint: {x: 0, y: 0, z: 0}
--- !u!137 &6365660630403122005
SkinnedMeshRenderer:
  m_ObjectHideFlags: 0
  m_CorrespondingSourceObject: {fileID: 0}
  m_PrefabInstance: {fileID: 0}
  m_PrefabAsset: {fileID: 0}
  m_GameObject: {fileID: 2322305435719504289}
  m_Enabled: 1
  m_CastShadows: 1
  m_ReceiveShadows: 1
  m_DynamicOccludee: 1
  m_MotionVectors: 1
  m_LightProbeUsage: 1
  m_ReflectionProbeUsage: 1
  m_RayTracingMode: 3
  m_RayTraceProcedural: 0
  m_RenderingLayerMask: 1
  m_RendererPriority: 0
  m_Materials:
  - {fileID: 2100000, guid: 46a564a0a1351b7449de4da9e24e099f, type: 2}
  - {fileID: 2100000, guid: 214466898d42fbf42b766736322df54a, type: 2}
  m_StaticBatchInfo:
    firstSubMesh: 0
    subMeshCount: 0
  m_StaticBatchRoot: {fileID: 0}
  m_ProbeAnchor: {fileID: 0}
  m_LightProbeVolumeOverride: {fileID: 0}
  m_ScaleInLightmap: 1
  m_ReceiveGI: 1
  m_PreserveUVs: 0
  m_IgnoreNormalsForChartDetection: 0
  m_ImportantGI: 0
  m_StitchLightmapSeams: 1
  m_SelectedEditorRenderState: 3
  m_MinimumChartSize: 4
  m_AutoUVMaxDistance: 0.5
  m_AutoUVMaxAngle: 89
  m_LightmapParameters: {fileID: 0}
  m_SortingLayerID: 0
  m_SortingLayer: 0
  m_SortingOrder: 0
  serializedVersion: 2
  m_Quality: 0
  m_UpdateWhenOffscreen: 0
  m_SkinnedMotionVectors: 1
  m_Mesh: {fileID: 3390558720134950976, guid: 42064619d94d4f24e9a19492faabe66d, type: 3}
  m_Bones:
  - {fileID: 4012516893567448169}
  - {fileID: 1649171764263648753}
  - {fileID: 7660128253489260922}
  - {fileID: 2767007816815827831}
  - {fileID: 8664562266914651831}
  - {fileID: 7128884446520352373}
  - {fileID: 6136528060120854698}
  - {fileID: 3874335792181401702}
  - {fileID: 1617418629932023373}
  - {fileID: 167812091811942623}
  - {fileID: 6598136243053248007}
  - {fileID: 6111240922620197161}
  - {fileID: 4139236321228475817}
  - {fileID: 2415614665599643435}
  - {fileID: 2855201370842322838}
  - {fileID: 6550309356297582787}
  - {fileID: 3259659426941040535}
  - {fileID: 9197203463350461862}
  - {fileID: 5920756722909157506}
  - {fileID: 3057099898582708141}
  - {fileID: 3942950389947937554}
  - {fileID: 5790477431997443583}
  - {fileID: 4247342376443741400}
  - {fileID: 3961653834687842759}
  - {fileID: 764242591684610190}
  m_BlendShapeWeights: []
  m_RootBone: {fileID: 4012516893567448169}
  m_AABB:
    m_Center: {x: -0.000028152455, y: 0.00023979222, z: 0.00059839163}
    m_Extent: {x: 0.00095062226, y: 0.0015136523, z: 0.0011788412}
  m_DirtyAABB: 0
--- !u!1 &2451719314046261003
GameObject:
  m_ObjectHideFlags: 0
  m_CorrespondingSourceObject: {fileID: 0}
  m_PrefabInstance: {fileID: 0}
  m_PrefabAsset: {fileID: 0}
  serializedVersion: 6
  m_Component:
  - component: {fileID: 3057099898582708141}
  m_Layer: 0
  m_Name: mixamorig:LeftToe_End
  m_TagString: Untagged
  m_Icon: {fileID: 0}
  m_NavMeshLayer: 0
  m_StaticEditorFlags: 0
  m_IsActive: 1
--- !u!4 &3057099898582708141
Transform:
  m_ObjectHideFlags: 0
  m_CorrespondingSourceObject: {fileID: 0}
  m_PrefabInstance: {fileID: 0}
  m_PrefabAsset: {fileID: 0}
  m_GameObject: {fileID: 2451719314046261003}
  m_LocalRotation: {x: -0.000000014901159, y: -0.0000016782433, z: 9.3132163e-10, w: 1}
  m_LocalPosition: {x: -5.122274e-11, y: 0.00017806847, z: -5.820766e-11}
  m_LocalScale: {x: 1, y: 1.0000002, z: 1}
  m_Children:
  - {fileID: 8223060588502994424}
  m_Father: {fileID: 5920756722909157506}
  m_RootOrder: 0
  m_LocalEulerAnglesHint: {x: -0.0000033234708, y: -0.00019226715, z: -0.00000072700334}
--- !u!1 &2653814082729167327
GameObject:
  m_ObjectHideFlags: 0
  m_CorrespondingSourceObject: {fileID: 0}
  m_PrefabInstance: {fileID: 0}
  m_PrefabAsset: {fileID: 0}
  serializedVersion: 6
  m_Component:
  - component: {fileID: 6136528060120854698}
  m_Layer: 0
  m_Name: mixamorig:HeadTop_End
  m_TagString: Untagged
  m_Icon: {fileID: 0}
  m_NavMeshLayer: 0
  m_StaticEditorFlags: 0
  m_IsActive: 1
--- !u!4 &6136528060120854698
Transform:
  m_ObjectHideFlags: 0
  m_CorrespondingSourceObject: {fileID: 0}
  m_PrefabInstance: {fileID: 0}
  m_PrefabAsset: {fileID: 0}
  m_GameObject: {fileID: 2653814082729167327}
  m_LocalRotation: {x: 0.0000000036379788, y: -3.4924597e-10, z: 2.9103836e-10, w: 1}
  m_LocalPosition: {x: 1.7462297e-11, y: 0.002155908, z: 0.0005877934}
  m_LocalScale: {x: 1, y: 0.99999994, z: 1}
  m_Children:
  - {fileID: 2823336480546070046}
  m_Father: {fileID: 7128884446520352373}
  m_RootOrder: 0
  m_LocalEulerAnglesHint: {x: -2.028516e-10, y: 0.0000000056797584, z: -0.000000016227881}
--- !u!1 &3526477104726019013
GameObject:
  m_ObjectHideFlags: 0
  m_CorrespondingSourceObject: {fileID: 0}
  m_PrefabInstance: {fileID: 0}
  m_PrefabAsset: {fileID: 0}
  serializedVersion: 6
  m_Component:
  - component: {fileID: 7128884446520352373}
  m_Layer: 0
  m_Name: mixamorig:Head
  m_TagString: Untagged
  m_Icon: {fileID: 0}
  m_NavMeshLayer: 0
  m_StaticEditorFlags: 0
  m_IsActive: 1
--- !u!4 &7128884446520352373
Transform:
  m_ObjectHideFlags: 0
  m_CorrespondingSourceObject: {fileID: 0}
  m_PrefabInstance: {fileID: 0}
  m_PrefabAsset: {fileID: 0}
  m_GameObject: {fileID: 3526477104726019013}
  m_LocalRotation: {x: -0.10020462, y: 0.022153178, z: 0.03360522, w: 0.9941524}
  m_LocalPosition: {x: 6.519258e-11, y: 0.00035334044, z: 0.000096335854}
  m_LocalScale: {x: 0.9999999, y: 1, z: 1}
  m_Children:
  - {fileID: 6136528060120854698}
  m_Father: {fileID: 8664562266914651831}
  m_RootOrder: 0
  m_LocalEulerAnglesHint: {x: 1.6666842, y: -0.0744918, z: -3.1173513}
--- !u!1 &3629711224912079826
GameObject:
  m_ObjectHideFlags: 0
  m_CorrespondingSourceObject: {fileID: 0}
  m_PrefabInstance: {fileID: 0}
  m_PrefabAsset: {fileID: 0}
  serializedVersion: 6
  m_Component:
  - component: {fileID: 6598136243053248007}
  m_Layer: 0
  m_Name: mixamorig:LeftHand
  m_TagString: Untagged
  m_Icon: {fileID: 0}
  m_NavMeshLayer: 0
  m_StaticEditorFlags: 0
  m_IsActive: 1
--- !u!4 &6598136243053248007
Transform:
  m_ObjectHideFlags: 0
  m_CorrespondingSourceObject: {fileID: 0}
  m_PrefabInstance: {fileID: 0}
  m_PrefabAsset: {fileID: 0}
  m_GameObject: {fileID: 3629711224912079826}
  m_LocalRotation: {x: -0.00000043434548, y: 0.000000024214382, z: -0.000000019092111, w: 1}
  m_LocalPosition: {x: -3.7252902e-11, y: 0.0027157126, z: 0.0000000014528632}
  m_LocalScale: {x: 1.0000001, y: 1.0000002, z: 1.0000001}
  m_Children:
  - {fileID: 2367111707727340680}
  m_Father: {fileID: 167812091811942623}
  m_RootOrder: 0
  m_LocalEulerAnglesHint: {x: -0.000049522318, y: 0.0000022848858, z: -0.0000028561076}
--- !u!1 &4043511615233804717
GameObject:
  m_ObjectHideFlags: 0
  m_CorrespondingSourceObject: {fileID: 0}
  m_PrefabInstance: {fileID: 0}
  m_PrefabAsset: {fileID: 0}
  serializedVersion: 6
  m_Component:
  - component: {fileID: 6502634978529035426}
  - component: {fileID: 187021013636521226}
  m_Layer: 0
  m_Name: lp_male_Delts.001
  m_TagString: Untagged
  m_Icon: {fileID: 0}
  m_NavMeshLayer: 0
  m_StaticEditorFlags: 0
  m_IsActive: 1
--- !u!4 &6502634978529035426
Transform:
  m_ObjectHideFlags: 0
  m_CorrespondingSourceObject: {fileID: 0}
  m_PrefabInstance: {fileID: 0}
  m_PrefabAsset: {fileID: 0}
  m_GameObject: {fileID: 4043511615233804717}
  m_LocalRotation: {x: 0.7071068, y: -4.3216988e-10, z: 3.4985187e-10, w: 0.7071067}
  m_LocalPosition: {x: 0.000000007566996, y: 0.007155913, z: 0.0000000053551075}
  m_LocalScale: {x: 1, y: 1, z: 1}
  m_Children: []
  m_Father: {fileID: 102659211292671061}
  m_RootOrder: 7
  m_LocalEulerAnglesHint: {x: 0, y: 0, z: 0}
--- !u!137 &187021013636521226
SkinnedMeshRenderer:
  m_ObjectHideFlags: 0
  m_CorrespondingSourceObject: {fileID: 0}
  m_PrefabInstance: {fileID: 0}
  m_PrefabAsset: {fileID: 0}
  m_GameObject: {fileID: 4043511615233804717}
  m_Enabled: 1
  m_CastShadows: 1
  m_ReceiveShadows: 1
  m_DynamicOccludee: 1
  m_MotionVectors: 1
  m_LightProbeUsage: 1
  m_ReflectionProbeUsage: 1
  m_RayTracingMode: 3
  m_RayTraceProcedural: 0
  m_RenderingLayerMask: 1
  m_RendererPriority: 0
  m_Materials:
  - {fileID: 2100000, guid: 214466898d42fbf42b766736322df54a, type: 2}
  - {fileID: 2100000, guid: 46a564a0a1351b7449de4da9e24e099f, type: 2}
  m_StaticBatchInfo:
    firstSubMesh: 0
    subMeshCount: 0
  m_StaticBatchRoot: {fileID: 0}
  m_ProbeAnchor: {fileID: 0}
  m_LightProbeVolumeOverride: {fileID: 0}
  m_ScaleInLightmap: 1
  m_ReceiveGI: 1
  m_PreserveUVs: 0
  m_IgnoreNormalsForChartDetection: 0
  m_ImportantGI: 0
  m_StitchLightmapSeams: 1
  m_SelectedEditorRenderState: 3
  m_MinimumChartSize: 4
  m_AutoUVMaxDistance: 0.5
  m_AutoUVMaxAngle: 89
  m_LightmapParameters: {fileID: 0}
  m_SortingLayerID: 0
  m_SortingLayer: 0
  m_SortingOrder: 0
  serializedVersion: 2
  m_Quality: 0
  m_UpdateWhenOffscreen: 0
  m_SkinnedMotionVectors: 1
  m_Mesh: {fileID: -3947434606752671450, guid: 42064619d94d4f24e9a19492faabe66d, type: 3}
  m_Bones:
  - {fileID: 4012516893567448169}
  - {fileID: 1649171764263648753}
  - {fileID: 7660128253489260922}
  - {fileID: 2767007816815827831}
  - {fileID: 8664562266914651831}
  - {fileID: 7128884446520352373}
  - {fileID: 6136528060120854698}
  - {fileID: 3874335792181401702}
  - {fileID: 1617418629932023373}
  - {fileID: 167812091811942623}
  - {fileID: 6598136243053248007}
  - {fileID: 6111240922620197161}
  - {fileID: 4139236321228475817}
  - {fileID: 2415614665599643435}
  - {fileID: 2855201370842322838}
  - {fileID: 6550309356297582787}
  - {fileID: 3259659426941040535}
  - {fileID: 9197203463350461862}
  - {fileID: 5920756722909157506}
  - {fileID: 3057099898582708141}
  - {fileID: 3942950389947937554}
  - {fileID: 5790477431997443583}
  - {fileID: 4247342376443741400}
  - {fileID: 3961653834687842759}
  - {fileID: 764242591684610190}
  m_BlendShapeWeights: []
  m_RootBone: {fileID: 4012516893567448169}
  m_AABB:
    m_Center: {x: 0.00022910198, y: 0.0035029207, z: -0.00014348986}
    m_Extent: {x: 0.0036810557, y: 0.0016647471, z: 0.0013960905}
  m_DirtyAABB: 0
--- !u!1 &4274452254926732221
GameObject:
  m_ObjectHideFlags: 0
  m_CorrespondingSourceObject: {fileID: 0}
  m_PrefabInstance: {fileID: 0}
  m_PrefabAsset: {fileID: 0}
  serializedVersion: 6
  m_Component:
  - component: {fileID: 3805373716967211762}
  - component: {fileID: 3935606813716313336}
  m_Layer: 0
  m_Name: lp_male-Head.001
  m_TagString: Untagged
  m_Icon: {fileID: 0}
  m_NavMeshLayer: 0
  m_StaticEditorFlags: 0
  m_IsActive: 1
--- !u!4 &3805373716967211762
Transform:
  m_ObjectHideFlags: 0
  m_CorrespondingSourceObject: {fileID: 0}
  m_PrefabInstance: {fileID: 0}
  m_PrefabAsset: {fileID: 0}
  m_GameObject: {fileID: 4274452254926732221}
  m_LocalRotation: {x: 0.7071068, y: -0.0000000014817254, z: -8.2318075e-10, w: 0.7071067}
  m_LocalPosition: {x: 0.0000000027939677, y: 0.0071557723, z: 0.000000009313222}
  m_LocalScale: {x: 1, y: 1, z: 1}
  m_Children: []
  m_Father: {fileID: 102659211292671061}
  m_RootOrder: 2
  m_LocalEulerAnglesHint: {x: 0, y: 0, z: 0}
--- !u!137 &3935606813716313336
SkinnedMeshRenderer:
  m_ObjectHideFlags: 0
  m_CorrespondingSourceObject: {fileID: 0}
  m_PrefabInstance: {fileID: 0}
  m_PrefabAsset: {fileID: 0}
  m_GameObject: {fileID: 4274452254926732221}
  m_Enabled: 1
  m_CastShadows: 1
  m_ReceiveShadows: 1
  m_DynamicOccludee: 1
  m_MotionVectors: 1
  m_LightProbeUsage: 1
  m_ReflectionProbeUsage: 1
  m_RayTracingMode: 3
  m_RayTraceProcedural: 0
  m_RenderingLayerMask: 1
  m_RendererPriority: 0
  m_Materials:
  - {fileID: 2100000, guid: 214466898d42fbf42b766736322df54a, type: 2}
  - {fileID: 2100000, guid: 46a564a0a1351b7449de4da9e24e099f, type: 2}
  m_StaticBatchInfo:
    firstSubMesh: 0
    subMeshCount: 0
  m_StaticBatchRoot: {fileID: 0}
  m_ProbeAnchor: {fileID: 0}
  m_LightProbeVolumeOverride: {fileID: 0}
  m_ScaleInLightmap: 1
  m_ReceiveGI: 1
  m_PreserveUVs: 0
  m_IgnoreNormalsForChartDetection: 0
  m_ImportantGI: 0
  m_StitchLightmapSeams: 1
  m_SelectedEditorRenderState: 3
  m_MinimumChartSize: 4
  m_AutoUVMaxDistance: 0.5
  m_AutoUVMaxAngle: 89
  m_LightmapParameters: {fileID: 0}
  m_SortingLayerID: 0
  m_SortingLayer: 0
  m_SortingOrder: 0
  serializedVersion: 2
  m_Quality: 0
  m_UpdateWhenOffscreen: 0
  m_SkinnedMotionVectors: 1
  m_Mesh: {fileID: 2330627682211096113, guid: 42064619d94d4f24e9a19492faabe66d, type: 3}
  m_Bones:
  - {fileID: 4012516893567448169}
  - {fileID: 1649171764263648753}
  - {fileID: 7660128253489260922}
  - {fileID: 2767007816815827831}
  - {fileID: 8664562266914651831}
  - {fileID: 7128884446520352373}
  - {fileID: 6136528060120854698}
  - {fileID: 3874335792181401702}
  - {fileID: 1617418629932023373}
  - {fileID: 167812091811942623}
  - {fileID: 6598136243053248007}
  - {fileID: 6111240922620197161}
  - {fileID: 4139236321228475817}
  - {fileID: 2415614665599643435}
  - {fileID: 2855201370842322838}
  - {fileID: 6550309356297582787}
  - {fileID: 3259659426941040535}
  - {fileID: 9197203463350461862}
  - {fileID: 5920756722909157506}
  - {fileID: 3057099898582708141}
  - {fileID: 3942950389947937554}
  - {fileID: 5790477431997443583}
  - {fileID: 4247342376443741400}
  - {fileID: 3961653834687842759}
  - {fileID: 764242591684610190}
  m_BlendShapeWeights: []
  m_RootBone: {fileID: 4012516893567448169}
  m_AABB:
    m_Center: {x: 0.000067190675, y: 0.0053659207, z: 0.00042890856}
    m_Extent: {x: 0.0015123973, y: 0.0016531026, z: 0.0013481809}
  m_DirtyAABB: 0
--- !u!1 &4410146901110077532
GameObject:
  m_ObjectHideFlags: 0
  m_CorrespondingSourceObject: {fileID: 0}
  m_PrefabInstance: {fileID: 0}
  m_PrefabAsset: {fileID: 0}
  serializedVersion: 6
  m_Component:
  - component: {fileID: 9197203463350461862}
  m_Layer: 0
  m_Name: mixamorig:LeftFoot
  m_TagString: Untagged
  m_Icon: {fileID: 0}
  m_NavMeshLayer: 0
  m_StaticEditorFlags: 0
  m_IsActive: 1
--- !u!4 &9197203463350461862
Transform:
  m_ObjectHideFlags: 0
  m_CorrespondingSourceObject: {fileID: 0}
  m_PrefabInstance: {fileID: 0}
  m_PrefabAsset: {fileID: 0}
  m_GameObject: {fileID: 4410146901110077532}
  m_LocalRotation: {x: 0.37197736, y: -0.015040782, z: -0.07433162, w: 0.92513865}
  m_LocalPosition: {x: -2.788147e-10, y: 0.0054702763, z: -9.778887e-11}
  m_LocalScale: {x: 0.9999998, y: 1, z: 0.9999999}
  m_Children:
  - {fileID: 5920756722909157506}
  m_Father: {fileID: 3259659426941040535}
  m_RootOrder: 0
  m_LocalEulerAnglesHint: {x: 52.656815, y: 0.48444664, z: -10.645097}
--- !u!1 &4604192661035914226
GameObject:
  m_ObjectHideFlags: 0
  m_CorrespondingSourceObject: {fileID: 0}
  m_PrefabInstance: {fileID: 0}
  m_PrefabAsset: {fileID: 0}
  serializedVersion: 6
  m_Component:
  - component: {fileID: 3259659426941040535}
  m_Layer: 0
  m_Name: mixamorig:LeftLeg
  m_TagString: Untagged
  m_Icon: {fileID: 0}
  m_NavMeshLayer: 0
  m_StaticEditorFlags: 0
  m_IsActive: 1
--- !u!4 &3259659426941040535
Transform:
  m_ObjectHideFlags: 0
  m_CorrespondingSourceObject: {fileID: 0}
  m_PrefabInstance: {fileID: 0}
  m_PrefabAsset: {fileID: 0}
  m_GameObject: {fileID: 4604192661035914226}
  m_LocalRotation: {x: -0.4288335, y: 0.086424574, z: 0.0261695, w: 0.89885914}
  m_LocalPosition: {x: 1.8626451e-11, y: 0.0051767044, z: 2.0256266e-10}
  m_LocalScale: {x: 0.9999998, y: 1, z: 1.0000001}
  m_Children:
  - {fileID: 9197203463350461862}
  m_Father: {fileID: 6550309356297582787}
  m_RootOrder: 0
  m_LocalEulerAnglesHint: {x: -28.321442, y: -10.477489, z: 2.217244}
--- !u!1 &5147198425285554682
GameObject:
  m_ObjectHideFlags: 0
  m_CorrespondingSourceObject: {fileID: 0}
  m_PrefabInstance: {fileID: 0}
  m_PrefabAsset: {fileID: 0}
  serializedVersion: 6
  m_Component:
  - component: {fileID: 3961653834687842759}
  m_Layer: 0
  m_Name: mixamorig:RightToeBase
  m_TagString: Untagged
  m_Icon: {fileID: 0}
  m_NavMeshLayer: 0
  m_StaticEditorFlags: 0
  m_IsActive: 1
--- !u!4 &3961653834687842759
Transform:
  m_ObjectHideFlags: 0
  m_CorrespondingSourceObject: {fileID: 0}
  m_PrefabInstance: {fileID: 0}
  m_PrefabAsset: {fileID: 0}
  m_GameObject: {fileID: 5147198425285554682}
  m_LocalRotation: {x: 0.3551096, y: -0.3742509, z: 0.15738478, w: 0.8420591}
  m_LocalPosition: {x: -2.561137e-11, y: 0.00029264146, z: 2.4447217e-11}
  m_LocalScale: {x: 0.99999994, y: 1, z: 1.0000001}
  m_Children:
  - {fileID: 764242591684610190}
  m_Father: {fileID: 4247342376443741400}
  m_RootOrder: 0
  m_LocalEulerAnglesHint: {x: 48.74593, y: -59.14493, z: -7.228312}
--- !u!1 &5432620138521973260
GameObject:
  m_ObjectHideFlags: 0
  m_CorrespondingSourceObject: {fileID: 0}
  m_PrefabInstance: {fileID: 0}
  m_PrefabAsset: {fileID: 0}
  serializedVersion: 6
  m_Component:
  - component: {fileID: 4139236321228475817}
  m_Layer: 0
  m_Name: mixamorig:RightArm
  m_TagString: Untagged
  m_Icon: {fileID: 0}
  m_NavMeshLayer: 0
  m_StaticEditorFlags: 0
  m_IsActive: 1
--- !u!4 &4139236321228475817
Transform:
  m_ObjectHideFlags: 0
  m_CorrespondingSourceObject: {fileID: 0}
  m_PrefabInstance: {fileID: 0}
  m_PrefabAsset: {fileID: 0}
  m_GameObject: {fileID: 5432620138521973260}
  m_LocalRotation: {x: 0.27872735, y: 0.29358095, z: 0.09646274, w: 0.90929437}
  m_LocalPosition: {x: 2.3283063e-11, y: 0.0012174743, z: -3.230525e-10}
  m_LocalScale: {x: 1, y: 1, z: 1.0000001}
  m_Children:
  - {fileID: 2415614665599643435}
  m_Father: {fileID: 6111240922620197161}
  m_RootOrder: 0
  m_LocalEulerAnglesHint: {x: 46.213917, y: -7.381253, z: -13.219734}
--- !u!1 &6386659567181884023
GameObject:
  m_ObjectHideFlags: 0
  m_CorrespondingSourceObject: {fileID: 0}
  m_PrefabInstance: {fileID: 0}
  m_PrefabAsset: {fileID: 0}
  serializedVersion: 6
  m_Component:
  - component: {fileID: 2823336480546070046}
  m_Layer: 0
  m_Name: mixamorig:HeadTop_End_end
  m_TagString: Untagged
  m_Icon: {fileID: 0}
  m_NavMeshLayer: 0
  m_StaticEditorFlags: 0
  m_IsActive: 1
--- !u!4 &2823336480546070046
Transform:
  m_ObjectHideFlags: 0
  m_CorrespondingSourceObject: {fileID: 0}
  m_PrefabInstance: {fileID: 0}
  m_PrefabAsset: {fileID: 0}
  m_GameObject: {fileID: 6386659567181884023}
  m_LocalRotation: {x: 0, y: -0, z: -0, w: 1}
  m_LocalPosition: {x: -0, y: 0.0022345984, z: 0}
  m_LocalScale: {x: 1, y: 1, z: 1}
  m_Children: []
  m_Father: {fileID: 6136528060120854698}
  m_RootOrder: 0
  m_LocalEulerAnglesHint: {x: 0, y: 0, z: 0}
--- !u!1 &6563220055939387634
GameObject:
  m_ObjectHideFlags: 0
  m_CorrespondingSourceObject: {fileID: 0}
  m_PrefabInstance: {fileID: 0}
  m_PrefabAsset: {fileID: 0}
  serializedVersion: 6
  m_Component:
  - component: {fileID: 1649171764263648753}
  m_Layer: 0
  m_Name: mixamorig:Spine
  m_TagString: Untagged
  m_Icon: {fileID: 0}
  m_NavMeshLayer: 0
  m_StaticEditorFlags: 0
  m_IsActive: 1
--- !u!4 &1649171764263648753
Transform:
  m_ObjectHideFlags: 0
  m_CorrespondingSourceObject: {fileID: 0}
  m_PrefabInstance: {fileID: 0}
  m_PrefabAsset: {fileID: 0}
  m_GameObject: {fileID: 6563220055939387634}
  m_LocalRotation: {x: -0.011816765, y: -0.020015312, z: -0.017878033, w: 0.99957}
  m_LocalPosition: {x: 1.3387761e-11, y: 0.00088402577, z: -0.0000354214}
  m_LocalScale: {x: 1, y: 1.0000001, z: 1}
  m_Children:
  - {fileID: 7660128253489260922}
  m_Father: {fileID: 4012516893567448169}
  m_RootOrder: 2
  m_LocalEulerAnglesHint: {x: -2.1862574, y: -0.5536472, z: 0.098983794}
--- !u!1 &6688476620717904132
GameObject:
  m_ObjectHideFlags: 0
  m_CorrespondingSourceObject: {fileID: 0}
  m_PrefabInstance: {fileID: 0}
  m_PrefabAsset: {fileID: 0}
  serializedVersion: 6
  m_Component:
  - component: {fileID: 167812091811942623}
  m_Layer: 0
  m_Name: mixamorig:LeftForeArm
  m_TagString: Untagged
  m_Icon: {fileID: 0}
  m_NavMeshLayer: 0
  m_StaticEditorFlags: 0
  m_IsActive: 1
--- !u!4 &167812091811942623
Transform:
  m_ObjectHideFlags: 0
  m_CorrespondingSourceObject: {fileID: 0}
  m_PrefabInstance: {fileID: 0}
  m_PrefabAsset: {fileID: 0}
  m_GameObject: {fileID: 6688476620717904132}
  m_LocalRotation: {x: 0.03312471, y: 0.0028291948, z: 0.0027091322, w: 0.9994436}
  m_LocalPosition: {x: 1.11758706e-10, y: 0.0024140745, z: 3.1664968e-10}
  m_LocalScale: {x: 0.99999994, y: 1.0000001, z: 1}
  m_Children:
  - {fileID: 6598136243053248007}
  m_Father: {fileID: 1617418629932023373}
  m_RootOrder: 0
  m_LocalEulerAnglesHint: {x: 1.5768783, y: -18.22012, z: -27.427645}
--- !u!1 &6793494621543583968
GameObject:
  m_ObjectHideFlags: 0
  m_CorrespondingSourceObject: {fileID: 0}
  m_PrefabInstance: {fileID: 0}
  m_PrefabAsset: {fileID: 0}
  serializedVersion: 6
  m_Component:
  - component: {fileID: 3942950389947937554}
  m_Layer: 0
  m_Name: mixamorig:RightUpLeg
  m_TagString: Untagged
  m_Icon: {fileID: 0}
  m_NavMeshLayer: 0
  m_StaticEditorFlags: 0
  m_IsActive: 1
--- !u!4 &3942950389947937554
Transform:
  m_ObjectHideFlags: 0
  m_CorrespondingSourceObject: {fileID: 0}
  m_PrefabInstance: {fileID: 0}
  m_PrefabAsset: {fileID: 0}
  m_GameObject: {fileID: 6793494621543583968}
  m_LocalRotation: {x: 0.024931837, y: 0.06734498, z: 0.99670357, w: 0.037750207}
  m_LocalPosition: {x: 0.000964384, y: -0.00049061124, z: 0.00008688375}
  m_LocalScale: {x: 1.0000006, y: 0.99999994, z: 1}
  m_Children:
  - {fileID: 5790477431997443583}
  m_Father: {fileID: 4012516893567448169}
  m_RootOrder: 1
  m_LocalEulerAnglesHint: {x: -13.71385, y: 7.447731, z: -179.0052}
--- !u!1 &6997516150513101109
GameObject:
  m_ObjectHideFlags: 0
  m_CorrespondingSourceObject: {fileID: 0}
  m_PrefabInstance: {fileID: 0}
  m_PrefabAsset: {fileID: 0}
  serializedVersion: 6
  m_Component:
  - component: {fileID: 8664562266914651831}
  m_Layer: 0
  m_Name: mixamorig:Neck
  m_TagString: Untagged
  m_Icon: {fileID: 0}
  m_NavMeshLayer: 0
  m_StaticEditorFlags: 0
  m_IsActive: 1
--- !u!4 &8664562266914651831
Transform:
  m_ObjectHideFlags: 0
  m_CorrespondingSourceObject: {fileID: 0}
  m_PrefabInstance: {fileID: 0}
  m_PrefabAsset: {fileID: 0}
  m_GameObject: {fileID: 6997516150513101109}
  m_LocalRotation: {x: 0.17510732, y: 0.009971581, z: -0.0050897226, w: 0.98448575}
  m_LocalPosition: {x: 5.122274e-11, y: 0.0013271016, z: 3.0966474e-10}
  m_LocalScale: {x: 0.9999999, y: 0.9999997, z: 0.99999994}
  m_Children:
  - {fileID: 7128884446520352373}
  m_Father: {fileID: 2767007816815827831}
  m_RootOrder: 1
  m_LocalEulerAnglesHint: {x: 4.9086494, y: 0.021540165, z: -0.825212}
--- !u!1 &7193150489677421493
GameObject:
  m_ObjectHideFlags: 0
  m_CorrespondingSourceObject: {fileID: 0}
  m_PrefabInstance: {fileID: 0}
  m_PrefabAsset: {fileID: 0}
  serializedVersion: 6
  m_Component:
  - component: {fileID: 5920756722909157506}
  m_Layer: 0
  m_Name: mixamorig:LeftToeBase
  m_TagString: Untagged
  m_Icon: {fileID: 0}
  m_NavMeshLayer: 0
  m_StaticEditorFlags: 0
  m_IsActive: 1
--- !u!4 &5920756722909157506
Transform:
  m_ObjectHideFlags: 0
  m_CorrespondingSourceObject: {fileID: 0}
  m_PrefabInstance: {fileID: 0}
  m_PrefabAsset: {fileID: 0}
  m_GameObject: {fileID: 7193150489677421493}
  m_LocalRotation: {x: 0.45915544, y: 0.29482186, z: -0.122513756, w: 0.82900345}
  m_LocalPosition: {x: 3.632158e-10, y: 0.0002916476, z: 5.2154064e-10}
  m_LocalScale: {x: 1, y: 1.0000001, z: 1}
  m_Children:
  - {fileID: 3057099898582708141}
  m_Father: {fileID: 9197203463350461862}
  m_RootOrder: 0
  m_LocalEulerAnglesHint: {x: 45.85836, y: 41.365543, z: 4.6794605}
--- !u!1 &7440974638288070273
GameObject:
  m_ObjectHideFlags: 0
  m_CorrespondingSourceObject: {fileID: 0}
  m_PrefabInstance: {fileID: 0}
  m_PrefabAsset: {fileID: 0}
  serializedVersion: 6
  m_Component:
  - component: {fileID: 9069243943349038283}
  m_Layer: 0
  m_Name: Armature
  m_TagString: Untagged
  m_Icon: {fileID: 0}
  m_NavMeshLayer: 0
  m_StaticEditorFlags: 0
  m_IsActive: 1
--- !u!4 &9069243943349038283
Transform:
  m_ObjectHideFlags: 0
  m_CorrespondingSourceObject: {fileID: 0}
  m_PrefabInstance: {fileID: 0}
  m_PrefabAsset: {fileID: 0}
  m_GameObject: {fileID: 7440974638288070273}
  m_LocalRotation: {x: 0.000000021855694, y: -0, z: -0, w: 1}
  m_LocalPosition: {x: -0, y: 0.0071558356, z: 0}
  m_LocalScale: {x: 100, y: 100, z: 100}
  m_Children:
  - {fileID: 4012516893567448169}
  m_Father: {fileID: 102659211292671061}
  m_RootOrder: 0
  m_LocalEulerAnglesHint: {x: 0.0000024372844, y: 0, z: 0}
--- !u!1 &7572657845656067228
GameObject:
  m_ObjectHideFlags: 0
  m_CorrespondingSourceObject: {fileID: 0}
  m_PrefabInstance: {fileID: 0}
  m_PrefabAsset: {fileID: 0}
  serializedVersion: 6
  m_Component:
  - component: {fileID: 6561056626485375310}
  - component: {fileID: 8017027187510117324}
  m_Layer: 0
  m_Name: lp_male-torso.001
  m_TagString: Untagged
  m_Icon: {fileID: 0}
  m_NavMeshLayer: 0
  m_StaticEditorFlags: 0
  m_IsActive: 1
--- !u!4 &6561056626485375310
Transform:
  m_ObjectHideFlags: 0
  m_CorrespondingSourceObject: {fileID: 0}
  m_PrefabInstance: {fileID: 0}
  m_PrefabAsset: {fileID: 0}
  m_GameObject: {fileID: 7572657845656067228}
  m_LocalRotation: {x: 0.7071068, y: 0.0000000026444678, z: -0.0000000026238889, w: 0.7071067}
  m_LocalPosition: {x: 0.000000007450581, y: 0.007155858, z: 1.527961e-10}
  m_LocalScale: {x: 0.9999999, y: 1, z: 1}
  m_Children: []
  m_Father: {fileID: 102659211292671061}
  m_RootOrder: 4
  m_LocalEulerAnglesHint: {x: 0, y: 0, z: 0}
--- !u!137 &8017027187510117324
SkinnedMeshRenderer:
  m_ObjectHideFlags: 0
  m_CorrespondingSourceObject: {fileID: 0}
  m_PrefabInstance: {fileID: 0}
  m_PrefabAsset: {fileID: 0}
  m_GameObject: {fileID: 7572657845656067228}
  m_Enabled: 1
  m_CastShadows: 1
  m_ReceiveShadows: 1
  m_DynamicOccludee: 1
  m_MotionVectors: 1
  m_LightProbeUsage: 1
  m_ReflectionProbeUsage: 1
  m_RayTracingMode: 3
  m_RayTraceProcedural: 0
  m_RenderingLayerMask: 1
  m_RendererPriority: 0
  m_Materials:
  - {fileID: 2100000, guid: 214466898d42fbf42b766736322df54a, type: 2}
  - {fileID: 2100000, guid: 46a564a0a1351b7449de4da9e24e099f, type: 2}
  m_StaticBatchInfo:
    firstSubMesh: 0
    subMeshCount: 0
  m_StaticBatchRoot: {fileID: 0}
  m_ProbeAnchor: {fileID: 0}
  m_LightProbeVolumeOverride: {fileID: 0}
  m_ScaleInLightmap: 1
  m_ReceiveGI: 1
  m_PreserveUVs: 0
  m_IgnoreNormalsForChartDetection: 0
  m_ImportantGI: 0
  m_StitchLightmapSeams: 1
  m_SelectedEditorRenderState: 3
  m_MinimumChartSize: 4
  m_AutoUVMaxDistance: 0.5
  m_AutoUVMaxAngle: 89
  m_LightmapParameters: {fileID: 0}
  m_SortingLayerID: 0
  m_SortingLayer: 0
  m_SortingOrder: 0
  serializedVersion: 2
  m_Quality: 0
  m_UpdateWhenOffscreen: 0
  m_SkinnedMotionVectors: 1
  m_Mesh: {fileID: 8514638918912428779, guid: 42064619d94d4f24e9a19492faabe66d, type: 3}
  m_Bones:
  - {fileID: 4012516893567448169}
  - {fileID: 1649171764263648753}
  - {fileID: 7660128253489260922}
  - {fileID: 2767007816815827831}
  - {fileID: 8664562266914651831}
  - {fileID: 7128884446520352373}
  - {fileID: 6136528060120854698}
  - {fileID: 3874335792181401702}
  - {fileID: 1617418629932023373}
  - {fileID: 167812091811942623}
  - {fileID: 6598136243053248007}
  - {fileID: 6111240922620197161}
  - {fileID: 4139236321228475817}
  - {fileID: 2415614665599643435}
  - {fileID: 2855201370842322838}
  - {fileID: 6550309356297582787}
  - {fileID: 3259659426941040535}
  - {fileID: 9197203463350461862}
  - {fileID: 5920756722909157506}
  - {fileID: 3057099898582708141}
  - {fileID: 3942950389947937554}
  - {fileID: 5790477431997443583}
  - {fileID: 4247342376443741400}
  - {fileID: 3961653834687842759}
  - {fileID: 764242591684610190}
  m_BlendShapeWeights: []
  m_RootBone: {fileID: 4012516893567448169}
  m_AABB:
    m_Center: {x: 0.00022881106, y: 0.0013343173, z: 0.00017131097}
    m_Extent: {x: 0.0025527389, y: 0.003728571, z: 0.0016500306}
  m_DirtyAABB: 0
--- !u!1 &7711314191400579574
GameObject:
  m_ObjectHideFlags: 0
  m_CorrespondingSourceObject: {fileID: 0}
  m_PrefabInstance: {fileID: 0}
  m_PrefabAsset: {fileID: 0}
  serializedVersion: 6
  m_Component:
  - component: {fileID: 7781074385079416236}
  - component: {fileID: 3763831607563190483}
  m_Layer: 0
  m_Name: lp_male-Legs.001
  m_TagString: Untagged
  m_Icon: {fileID: 0}
  m_NavMeshLayer: 0
  m_StaticEditorFlags: 0
  m_IsActive: 1
--- !u!4 &7781074385079416236
Transform:
  m_ObjectHideFlags: 0
  m_CorrespondingSourceObject: {fileID: 0}
  m_PrefabInstance: {fileID: 0}
  m_PrefabAsset: {fileID: 0}
  m_GameObject: {fileID: 7711314191400579574}
  m_LocalRotation: {x: 0.7071068, y: -0.0000000026341778, z: 0.0000000079025355, w: 0.7071067}
  m_LocalPosition: {x: 0.0000000037252903, y: 0.007155837, z: 0.000000006519258}
  m_LocalScale: {x: 1, y: 1, z: 1}
  m_Children: []
  m_Father: {fileID: 102659211292671061}
  m_RootOrder: 3
  m_LocalEulerAnglesHint: {x: 0, y: 0, z: 0}
--- !u!137 &3763831607563190483
SkinnedMeshRenderer:
  m_ObjectHideFlags: 0
  m_CorrespondingSourceObject: {fileID: 0}
  m_PrefabInstance: {fileID: 0}
  m_PrefabAsset: {fileID: 0}
  m_GameObject: {fileID: 7711314191400579574}
  m_Enabled: 1
  m_CastShadows: 1
  m_ReceiveShadows: 1
  m_DynamicOccludee: 1
  m_MotionVectors: 1
  m_LightProbeUsage: 1
  m_ReflectionProbeUsage: 1
  m_RayTracingMode: 3
  m_RayTraceProcedural: 0
  m_RenderingLayerMask: 1
  m_RendererPriority: 0
  m_Materials:
  - {fileID: 2100000, guid: 214466898d42fbf42b766736322df54a, type: 2}
  - {fileID: 2100000, guid: 46a564a0a1351b7449de4da9e24e099f, type: 2}
  m_StaticBatchInfo:
    firstSubMesh: 0
    subMeshCount: 0
  m_StaticBatchRoot: {fileID: 0}
  m_ProbeAnchor: {fileID: 0}
  m_LightProbeVolumeOverride: {fileID: 0}
  m_ScaleInLightmap: 1
  m_ReceiveGI: 1
  m_PreserveUVs: 0
  m_IgnoreNormalsForChartDetection: 0
  m_ImportantGI: 0
  m_StitchLightmapSeams: 1
  m_SelectedEditorRenderState: 3
  m_MinimumChartSize: 4
  m_AutoUVMaxDistance: 0.5
  m_AutoUVMaxAngle: 89
  m_LightmapParameters: {fileID: 0}
  m_SortingLayerID: 0
  m_SortingLayer: 0
  m_SortingOrder: 0
  serializedVersion: 2
  m_Quality: 0
  m_UpdateWhenOffscreen: 0
  m_SkinnedMotionVectors: 1
  m_Mesh: {fileID: 7463003238567966231, guid: 42064619d94d4f24e9a19492faabe66d, type: 3}
  m_Bones:
  - {fileID: 4012516893567448169}
  - {fileID: 1649171764263648753}
  - {fileID: 7660128253489260922}
  - {fileID: 2767007816815827831}
  - {fileID: 8664562266914651831}
  - {fileID: 7128884446520352373}
  - {fileID: 6136528060120854698}
  - {fileID: 3874335792181401702}
  - {fileID: 1617418629932023373}
  - {fileID: 167812091811942623}
  - {fileID: 6598136243053248007}
  - {fileID: 6111240922620197161}
  - {fileID: 4139236321228475817}
  - {fileID: 2415614665599643435}
  - {fileID: 2855201370842322838}
  - {fileID: 6550309356297582787}
  - {fileID: 3259659426941040535}
  - {fileID: 9197203463350461862}
  - {fileID: 5920756722909157506}
  - {fileID: 3057099898582708141}
  - {fileID: 3942950389947937554}
  - {fileID: 5790477431997443583}
  - {fileID: 4247342376443741400}
  - {fileID: 3961653834687842759}
  - {fileID: 764242591684610190}
  m_BlendShapeWeights: []
  m_RootBone: {fileID: 4012516893567448169}
  m_AABB:
    m_Center: {x: -0.00016464834, y: -0.005412313, z: 0.0005114628}
    m_Extent: {x: 0.0019106285, y: 0.0057862895, z: 0.0028453693}
  m_DirtyAABB: 0
--- !u!1 &7738166566631834789
GameObject:
  m_ObjectHideFlags: 0
  m_CorrespondingSourceObject: {fileID: 0}
  m_PrefabInstance: {fileID: 0}
  m_PrefabAsset: {fileID: 0}
  serializedVersion: 6
  m_Component:
  - component: {fileID: 2767007816815827831}
  m_Layer: 0
  m_Name: mixamorig:Spine2
  m_TagString: Untagged
  m_Icon: {fileID: 0}
  m_NavMeshLayer: 0
  m_StaticEditorFlags: 0
  m_IsActive: 1
--- !u!4 &2767007816815827831
Transform:
  m_ObjectHideFlags: 0
  m_CorrespondingSourceObject: {fileID: 0}
  m_PrefabInstance: {fileID: 0}
  m_PrefabAsset: {fileID: 0}
  m_GameObject: {fileID: 7738166566631834789}
  m_LocalRotation: {x: 0.0042837937, y: -0.014358629, z: -0.009619167, w: 0.9998415}
  m_LocalPosition: {x: 4.6566128e-12, y: 0.0011796458, z: -9.313225e-11}
  m_LocalScale: {x: 0.9999998, y: 1, z: 0.99999994}
  m_Children:
  - {fileID: 3874335792181401702}
  - {fileID: 8664562266914651831}
  - {fileID: 6111240922620197161}
  m_Father: {fileID: 7660128253489260922}
  m_RootOrder: 0
  m_LocalEulerAnglesHint: {x: 0.20873274, y: -1.1199158, z: 0.92270446}
--- !u!1 &7969490147959215149
GameObject:
  m_ObjectHideFlags: 0
  m_CorrespondingSourceObject: {fileID: 0}
  m_PrefabInstance: {fileID: 0}
  m_PrefabAsset: {fileID: 0}
  serializedVersion: 6
  m_Component:
  - component: {fileID: 2855201370842322838}
  m_Layer: 0
  m_Name: mixamorig:RightHand
  m_TagString: Untagged
  m_Icon: {fileID: 0}
  m_NavMeshLayer: 0
  m_StaticEditorFlags: 0
  m_IsActive: 1
--- !u!4 &2855201370842322838
Transform:
  m_ObjectHideFlags: 0
  m_CorrespondingSourceObject: {fileID: 0}
  m_PrefabInstance: {fileID: 0}
  m_PrefabAsset: {fileID: 0}
  m_GameObject: {fileID: 7969490147959215149}
  m_LocalRotation: {x: -0.000000016763812, y: -0.000000022351747, z: -0.000000014901165, w: 1}
  m_LocalPosition: {x: -7.4505804e-11, y: 0.0027157487, z: -9.313225e-11}
  m_LocalScale: {x: 0.9999998, y: 0.9999998, z: 0.9999997}
  m_Children:
  - {fileID: 4545075118895044919}
  m_Father: {fileID: 2415614665599643435}
  m_RootOrder: 0
  m_LocalEulerAnglesHint: {x: -0.00000015578777, y: -0.0000022329566, z: -0.0000042841607}
--- !u!1 &8218553297708589526
GameObject:
  m_ObjectHideFlags: 0
  m_CorrespondingSourceObject: {fileID: 0}
  m_PrefabInstance: {fileID: 0}
  m_PrefabAsset: {fileID: 0}
  serializedVersion: 6
  m_Component:
  - component: {fileID: 4545075118895044919}
  m_Layer: 0
  m_Name: mixamorig:RightHand_end
  m_TagString: Untagged
  m_Icon: {fileID: 0}
  m_NavMeshLayer: 0
  m_StaticEditorFlags: 0
  m_IsActive: 1
--- !u!4 &4545075118895044919
Transform:
  m_ObjectHideFlags: 0
  m_CorrespondingSourceObject: {fileID: 0}
  m_PrefabInstance: {fileID: 0}
  m_PrefabAsset: {fileID: 0}
  m_GameObject: {fileID: 8218553297708589526}
  m_LocalRotation: {x: 0, y: -0, z: -0, w: 1}
  m_LocalPosition: {x: -0, y: 0.002715749, z: 0}
  m_LocalScale: {x: 1, y: 1, z: 1}
  m_Children: []
  m_Father: {fileID: 2855201370842322838}
  m_RootOrder: 0
  m_LocalEulerAnglesHint: {x: 0, y: 0, z: 0}
--- !u!1 &8434155394273529321
GameObject:
  m_ObjectHideFlags: 0
  m_CorrespondingSourceObject: {fileID: 0}
  m_PrefabInstance: {fileID: 0}
  m_PrefabAsset: {fileID: 0}
  serializedVersion: 6
  m_Component:
  - component: {fileID: 4247342376443741400}
  m_Layer: 0
  m_Name: mixamorig:RightFoot
  m_TagString: Untagged
  m_Icon: {fileID: 0}
  m_NavMeshLayer: 0
  m_StaticEditorFlags: 0
  m_IsActive: 1
--- !u!4 &4247342376443741400
Transform:
  m_ObjectHideFlags: 0
  m_CorrespondingSourceObject: {fileID: 0}
  m_PrefabInstance: {fileID: 0}
  m_PrefabAsset: {fileID: 0}
  m_GameObject: {fileID: 8434155394273529321}
  m_LocalRotation: {x: 0.5192225, y: 0.014435479, z: 0.064404495, w: 0.85208666}
  m_LocalPosition: {x: -5.541369e-10, y: 0.0054764417, z: 2.1304003e-10}
  m_LocalScale: {x: 1, y: 0.9999999, z: 0.9999999}
  m_Children:
  - {fileID: 3961653834687842759}
  m_Father: {fileID: 5790477431997443583}
  m_RootOrder: 0
  m_LocalEulerAnglesHint: {x: 38.940453, y: 7.6378355, z: 20.012688}
--- !u!1 &8593148765115728165
GameObject:
  m_ObjectHideFlags: 0
  m_CorrespondingSourceObject: {fileID: 0}
  m_PrefabInstance: {fileID: 0}
  m_PrefabAsset: {fileID: 0}
  serializedVersion: 6
  m_Component:
  - component: {fileID: 3874335792181401702}
  m_Layer: 0
  m_Name: mixamorig:LeftShoulder
  m_TagString: Untagged
  m_Icon: {fileID: 0}
  m_NavMeshLayer: 0
  m_StaticEditorFlags: 0
  m_IsActive: 1
--- !u!4 &3874335792181401702
Transform:
  m_ObjectHideFlags: 0
  m_CorrespondingSourceObject: {fileID: 0}
  m_PrefabInstance: {fileID: 0}
  m_PrefabAsset: {fileID: 0}
  m_GameObject: {fileID: 8593148765115728165}
  m_LocalRotation: {x: 0.6669532, y: -0.33307675, z: 0.53392494, w: 0.3989454}
  m_LocalPosition: {x: -0.00060312543, y: 0.0011666681, z: 0.0000034141342}
  m_LocalScale: {x: 0.99999964, y: 0.99999994, z: 0.9999999}
  m_Children:
  - {fileID: 1617418629932023373}
  m_Father: {fileID: 2767007816815827831}
  m_RootOrder: 0
  m_LocalEulerAnglesHint: {x: 55.14136, y: 105.55665, z: -179.71848}
--- !u!1 &8702125328158222574
GameObject:
  m_ObjectHideFlags: 0
  m_CorrespondingSourceObject: {fileID: 0}
  m_PrefabInstance: {fileID: 0}
  m_PrefabAsset: {fileID: 0}
  serializedVersion: 6
  m_Component:
  - component: {fileID: 1617418629932023373}
  m_Layer: 0
  m_Name: mixamorig:LeftArm
  m_TagString: Untagged
  m_Icon: {fileID: 0}
  m_NavMeshLayer: 0
  m_StaticEditorFlags: 0
  m_IsActive: 1
--- !u!4 &1617418629932023373
Transform:
  m_ObjectHideFlags: 0
  m_CorrespondingSourceObject: {fileID: 0}
  m_PrefabInstance: {fileID: 0}
  m_PrefabAsset: {fileID: 0}
  m_GameObject: {fileID: 8702125328158222574}
  m_LocalRotation: {x: 0.36862785, y: -0.12705302, z: -0.013131777, w: 0.92075986}
  m_LocalPosition: {x: 4.6566128e-12, y: 0.0012174724, z: -1.6298145e-10}
  m_LocalScale: {x: 0.9999999, y: 1.0000001, z: 1}
  m_Children:
  - {fileID: 167812091811942623}
  m_Father: {fileID: 3874335792181401702}
  m_RootOrder: 0
  m_LocalEulerAnglesHint: {x: 36.787918, y: 16.21268, z: 24.352024}
--- !u!1 &9025081590877415138
GameObject:
  m_ObjectHideFlags: 0
  m_CorrespondingSourceObject: {fileID: 0}
  m_PrefabInstance: {fileID: 0}
  m_PrefabAsset: {fileID: 0}
  serializedVersion: 6
  m_Component:
  - component: {fileID: 8223060588502994424}
  m_Layer: 0
  m_Name: mixamorig:LeftToe_End_end
  m_TagString: Untagged
  m_Icon: {fileID: 0}
  m_NavMeshLayer: 0
  m_StaticEditorFlags: 0
  m_IsActive: 1
--- !u!4 &8223060588502994424
Transform:
  m_ObjectHideFlags: 0
  m_CorrespondingSourceObject: {fileID: 0}
  m_PrefabInstance: {fileID: 0}
  m_PrefabAsset: {fileID: 0}
  m_GameObject: {fileID: 9025081590877415138}
  m_LocalRotation: {x: 0, y: -0, z: -0, w: 1}
  m_LocalPosition: {x: -0, y: 0.00017806867, z: 0}
  m_LocalScale: {x: 1, y: 1, z: 1}
  m_Children: []
  m_Father: {fileID: 3057099898582708141}
  m_RootOrder: 0
  m_LocalEulerAnglesHint: {x: 0, y: 0, z: 0}
--- !u!1 &9032382803526136303
GameObject:
  m_ObjectHideFlags: 0
  m_CorrespondingSourceObject: {fileID: 0}
  m_PrefabInstance: {fileID: 0}
  m_PrefabAsset: {fileID: 0}
  serializedVersion: 6
  m_Component:
  - component: {fileID: 6111240922620197161}
  m_Layer: 0
  m_Name: mixamorig:RightShoulder
  m_TagString: Untagged
  m_Icon: {fileID: 0}
  m_NavMeshLayer: 0
  m_StaticEditorFlags: 0
  m_IsActive: 1
--- !u!4 &6111240922620197161
Transform:
  m_ObjectHideFlags: 0
  m_CorrespondingSourceObject: {fileID: 0}
  m_PrefabInstance: {fileID: 0}
  m_PrefabAsset: {fileID: 0}
  m_GameObject: {fileID: 9032382803526136303}
  m_LocalRotation: {x: -0.5931756, y: -0.38455403, z: 0.6125093, w: -0.3536853}
  m_LocalPosition: {x: 0.0006031256, y: 0.0011674566, z: -0.000016239192}
  m_LocalScale: {x: 1, y: 0.9999998, z: 0.99999994}
  m_Children:
  - {fileID: 4139236321228475817}
  m_Father: {fileID: 2767007816815827831}
  m_RootOrder: 2
  m_LocalEulerAnglesHint: {x: 57.23227, y: -98.523636, z: 176.11882}
